@misc{stanfordcars,
  author = {Paul Timothy Mooney},
  title = {Stanford Cars Dataset with Fastai v1},
  howpublished = {https://www.kaggle.com/code/paultimothymooney/stanford-cars-dataset-with-fastai-v1/input},
}

@misc{pytorchgpu,
  title = {Getting started with PyTorch},
  howpublished = {https://pytorch.org/get-started/previous-versions},
}

@misc{youtubegpu,
  title = {YouTube video on GPU usage in PyTorch},
  howpublished = {https://www.youtube.com/watch?v=zuRCXIjiSB4},
}

@misc{pytorchlightningloop,
  title = {Eliminate training loops with PyTorch Lightning},
  howpublished = {https://coderzcolumn.com/tutorials/artificial-intelligence/pytorch-lightning-eliminate-training-loops},
}

@misc{wandb,
  title = {Weights and Biases},
  howpublished = {https://wandb.ai},
}

@misc{wandbintro,
  title = {Introduction to Weights and Biases},
  howpublished = {https://medium.com/polimi-data-scientists/introduction-to-weights-biases-72ba61220523},
}

@misc{wandbyoutube,
  title = {Weights and Biases YouTube Playlist},
  howpublished = {https://www.youtube.com/playlist?list=PLD80i8An1OEGajeVo15ohAQYF1Ttle0lk},
}

@misc{chatgpt,
  title = {OpenAI ChatGPT},
  howpublished = {https://chatgpt.com},
}

@misc{resnet152,
  title = {Torchvision Models - ResNet152},
  howpublished = {https://pytorch.org/vision/main/models/generated/torchvision.models.resnet152.html},
}

@misc{paperswithcode,
  title = {EfficientNet-B5},
  howpublished = {https://paperswithcode.com/paper/high-performance-large-scale-image/review/},
}

@misc{resnet50hub,
  title = {PyTorch Hub - ResNet50},
  howpublished = {https://pytorch.org/vision/main/models/generated/torchvision.models.resnet50.html},
}

@misc{youtubevideo,
  title = {YouTube Video on Image Classification},
  howpublished = {https://www.youtube.com/watch?v=1quKqf47V6s},
}

@misc{youtubechannel,
  title = {YouTube Channel for AI Experiments},
  howpublished = {https://www.youtube.com/@user-gj9lg4fg4d/featured},
}

@misc{githubrepo,
  title = {GitHub Repository for AI Experiments},
  howpublished = {https://github.com/krasnoteh/AI-experiments},
}
